<record><leader>00000cas a22000007a 4500</leader><controlfield tag="001">11018118</controlfield><controlfield tag="008">840803d18671917inuwr ne      0    0eng d</controlfield><datafield ind1=" " ind2=" " tag="010"><subfield code="a">sn 84027301 </subfield></datafield><datafield ind1=" " ind2=" " tag="040"><subfield code="a">NPU</subfield><subfield code="b">eng</subfield><subfield code="c">NPU</subfield><subfield code="d">NPX</subfield><subfield code="d">NPI</subfield><subfield code="d">OCLCQ</subfield></datafield><datafield ind1=" " ind2=" " tag="042"><subfield code="a">msc</subfield></datafield><datafield ind1="0" ind2="4" tag="245"><subfield code="a">The Connersville examiner.</subfield></datafield><datafield ind1=" " ind2=" " tag="260"><subfield code="a">Connersville, Ind. :</subfield><subfield code="b">F.L. Behymer, H.M. Hughes, D.E. Trusler,</subfield><subfield code="c">1867-</subfield></datafield><datafield ind1=" " ind2=" " tag="300"><subfield code="a">v. :</subfield><subfield code="b">ill. ;</subfield><subfield code="c">56-75 cm.</subfield></datafield><datafield ind1=" " ind2=" " tag="310"><subfield code="a">Weekly</subfield></datafield><datafield ind1="0" ind2=" " tag="362"><subfield code="a">Vol. 1, no. 1 (Dec. 24, 1867)-</subfield></datafield><datafield ind1="1" ind2=" " tag="362"><subfield code="a">Ceased in 1917?</subfield><subfield code="z">Cf. Miller, J.W. Indiana newspaper bibliog.</subfield></datafield><datafield ind1=" " ind2=" " tag="500"><subfield code="a">Editor: John M. Higgs, &lt;1876&gt;.</subfield></datafield><datafield ind1=" " ind2=" " tag="500"><subfield code="a">Publishers: Higgs &amp; Pickett, 1867-1869; John M. Higgs, 1869-&lt;1876&gt;.</subfield></datafield><datafield ind1=" " ind2=" " tag="500"><subfield code="a">"Democratic". Cf. Miller.</subfield></datafield><datafield ind1=" " ind2=" " tag="580"><subfield code="a">Published 1887-Oct. 30, 1915 in a daily ed. called: Connersville daily examiner; Nov. 1, 1915-Apr. 11, 1916 in a daily ed. called: The Connerville examiner (Connersville, Ind. : Daily); Apr. 12, 1916-&lt;1917&gt; in a daily ed. called: Daily examiner (Connersville, Ind.).</subfield></datafield><datafield ind1=" " ind2=" " tag="752"><subfield code="a">United States</subfield><subfield code="b">Indiana</subfield><subfield code="c">Fayette</subfield><subfield code="d">Connersville.</subfield></datafield><datafield ind1="1" ind2=" " tag="775"><subfield code="t">Connersville daily examiner</subfield><subfield code="w">(DLC)sn 85048226</subfield></datafield><datafield ind1="1" ind2=" " tag="775"><subfield code="t">Connersville examiner (Connersville, Ind. : Daily)</subfield><subfield code="w">(DLC)sn 95067508</subfield></datafield><datafield ind1="1" ind2=" " tag="775"><subfield code="t">Daily examiner (Connersville, Ind.)</subfield><subfield code="w">(DLC)sn 95067510</subfield></datafield></record>